@MISC{ifg2022,
  organization = {Instituto Federal de Educação, Ciência e Tecnologia de Goiás (IFG)}, 
  org-short = {IFG},
  year = {2020},
  title = {Apresentação}, 
  url = {http://ifg.edu.br/goiania/apresentacao},
  urlaccessdate = {29 dez 2022},
}

@BOOK{Arm1979,
  key          = {Arm1979},
  author       = {M. A. Armstrong},
  year         = 1979,
  title        = {Basic topology},
  publisher    = {McGraw-Hill},
  address      = {London}
}